<?xml version="1.0" encoding="UTF-8"?><collection xmlns="http://www.loc.gov/MARC21/slim"><record><leader>00655nam--2200181-i-4500</leader><controlfield tag="001">000023178</controlfield><controlfield tag="002">20161230</controlfield><controlfield tag="005">20161230201034</controlfield><controlfield tag="008">060222s1000------------r-----000-0-eng-d</controlfield><datafield ind1=" " ind2=" " tag="040"><subfield code="a">IFIN-HH</subfield></datafield><datafield ind1=" " ind2=" " tag="080"><subfield code="a">538.4:061.3</subfield></datafield><datafield ind1="1" ind2=" " tag="110"><subfield code="a">The Oecd European Nuclear Energy Agency</subfield></datafield><datafield ind1="1" ind2="0" tag="245"><subfield code="a">Mhd</subfield><subfield code="b">Fifth international conference on magnetohydrodynamic electrical power generation munich, 19th-23rd april 1971. compte rendu. cincuieme conference international sur la production magneto-hydrodynamique d`energie electrique</subfield></datafield><datafield ind1=" " ind2=" " tag="260"><subfield code="a">Paris</subfield><subfield code="b">O.C.D.E</subfield><subfield code="c">1971</subfield></datafield><datafield ind1=" " ind2=" " tag="300"><subfield code="a">499 P</subfield></datafield><datafield ind1=" " ind2=" " tag="490"><subfield code="a">Proceedings</subfield></datafield><datafield ind1=" " ind2=" " tag="852"><subfield code="a">36423</subfield><subfield code="c">538.4</subfield></datafield><datafield ind1=" " ind2=" " tag="CAT"><subfield code="a">Sys</subfield><subfield code="c">20110920</subfield><subfield code="h">121836</subfield></datafield></record></collection>